@article{anardhan2012concurrent,
	title={Concurrent multipath transfer using SCTP multihoming},
	author={anardhan Iyengar, J},
	journal={Multihomed Communication with SCTP (Stream Control Transmission Protocol)},
	pages={99},
	year={2012},
	publisher={CRC Press}
}
@inproceedings{aydin2009performance,
	title={Performance evaluation of concurrent multipath transfer using SCTP multihoming in multihop wireless networks},
	author={Aydin, Ilknur and Shen, Chien-Chung},
	booktitle={Network Computing and Applications, 2009. NCA 2009. Eighth IEEE International Symposium on},
	pages={234--241},
	year={2009},
	organization={IEEE}
}
@misc{stewartstream,
	title={Stream control transmission protocol. Proposed standard, RFC2960, Internet Engineering Task Force (IETF), October 2000},
	author={Stewart, R and others}
}